@book{Kleppe:2003,
 author = {Kleppe, Anneke G. and Warmer, Jos and Bast, Wim},
 title = {MDA Explained: The Model Driven Architecture: Practice and Promise},
 year = {2003},
 isbn = {032119442X},
 publisher = {Addison-Wesley Longman Publishing Co., Inc.},
 address = {Boston, MA, USA},
}

@book{Frankel:2002,
 author = {Frankel, David},
 title = {Model Driven Architecture: Applying MDA to Enterprise Computing},
 year = {2002},
 isbn = {0471319201},
 publisher = {John Wiley \& Sons, Inc.},
 address = {New York, NY, USA},
} 